[gd_scene load_steps=7 format=2]

[ext_resource path="res://addons/task_manager/fonts/consola.ttf" type="DynamicFontData" id=1]
[ext_resource path="res://addons/task_manager/scenes/Section.tscn" type="PackedScene" id=2]
[ext_resource path="res://addons/task_manager/icons/icon_class_list.svg" type="Texture" id=3]

[sub_resource type="DynamicFont" id=1]
font_data = ExtResource( 1 )

[sub_resource type="Theme" id=2]
default_font = SubResource( 1 )

[sub_resource type="GDScript" id=3]
script/source = "tool
extends VBoxContainer

export (PackedScene) var SectionScn
onready var SectionContainer = $MC/VBC/SC/SectionContainer

func _on_new_task_button_pressed() -> void:
	# Instances a new section
	var NewSection = SectionScn.instance()
	SectionContainer.add_child(NewSection)"

[node name="TaskManagerContainer" type="VBoxContainer"]
anchor_right = 1.0
anchor_bottom = 1.0
margin_top = 0.857361
margin_bottom = 0.857361
size_flags_vertical = 3
theme = SubResource( 2 )
custom_constants/separation = 10
script = SubResource( 3 )
SectionScn = ExtResource( 2 )

[node name="MC" type="MarginContainer" parent="."]
margin_right = 1024.0
margin_bottom = 600.0
size_flags_vertical = 3
custom_constants/margin_right = 30
custom_constants/margin_top = 30
custom_constants/margin_left = 30
custom_constants/margin_bottom = 30

[node name="VBC" type="VBoxContainer" parent="MC"]
margin_left = 30.0
margin_top = 30.0
margin_right = 994.0
margin_bottom = 570.0
custom_constants/separation = 10

[node name="MainMenuContainer" type="HBoxContainer" parent="MC/VBC"]
margin_right = 964.0
margin_bottom = 23.0

[node name="NewSectionButton" type="Button" parent="MC/VBC/MainMenuContainer"]
margin_right = 138.0
margin_bottom = 23.0
text = " New Section"
icon = ExtResource( 3 )
flat = true

[node name="SC" type="ScrollContainer" parent="MC/VBC"]
margin_top = 33.0
margin_right = 964.0
margin_bottom = 540.0
size_flags_vertical = 3

[node name="SectionContainer" type="VBoxContainer" parent="MC/VBC/SC"]
modulate = Color( 0.854902, 0.847059, 0.878431, 1 )
margin_right = 964.0
margin_bottom = 507.0
size_flags_horizontal = 3
size_flags_vertical = 3
custom_constants/separation = 14
[connection signal="pressed" from="MC/VBC/MainMenuContainer/NewSectionButton" to="." method="_on_new_task_button_pressed"]
